<collection xmlns="http://www.loc.gov/MARC21/slim">
<record>
  <leader>02716nam0a2200457 i 450 </leader>
  <controlfield tag="001">IT\ICCU\CNCE\038386</controlfield>
  <controlfield tag="005">20141121000000.0</controlfield>
  <datafield tag="012" ind1=" " ind2=" ">
    <subfield code="a">me*e a-on u-e- meDi (3) 1597 (R)</subfield>
    <subfield code="2">fei</subfield>
    <subfield code="9">A</subfield>
  </datafield>
  <datafield tag="100" ind1=" " ind2=" ">
    <subfield code="a">19981028d1597        0itac0103    ba</subfield>
  </datafield>
  <datafield tag="101" ind1=" " ind2=" ">
    <subfield code="a">LAT</subfield>
    <subfield code="a">ITA</subfield>
  </datafield>
  <datafield tag="102" ind1=" " ind2=" ">
    <subfield code="a">IT</subfield>
  </datafield>
  <datafield tag="200" ind1="1" ind2=" ">
    <subfield code="a">Decretorum, seu ordinum excellentissimi Senatus Mediolanen. Post alias omnes editiones conquisitorum. Nouissima additio. Elegantissimis rubricis, ac indice locupletissimo exornata</subfield>
  </datafield>
  <datafield tag="210" ind1=" " ind2=" ">
    <subfield code="a">Bergomi</subfield>
    <subfield code="c">typis Comini Venturae</subfield>
    <subfield code="c">sumptibus Antonij Antonij bibliop. Mediolanen.</subfield>
    <subfield code="d">1597</subfield>
  </datafield>
  <datafield tag="215" ind1=" " ind2=" ">
    <subfield code="a">\4!, 26 \i.e. 20! c.</subfield>
    <subfield code="d">4ʻ</subfield>
  </datafield>
  <datafield tag="620" ind1=" " ind2=" ">
    <subfield code="a">IT</subfield>
    <subfield code="d">Bergamo</subfield>
  </datafield>
  <datafield tag="710" ind1="0" ind2="2">
    <subfield code="a">Milano</subfield>
    <subfield code="c"> &lt;Ducato&gt;</subfield>
    <subfield code="b"> : Senato</subfield>
    <subfield code="3">IT\ICCU\CNCA\008496</subfield>
  </datafield>
  <datafield tag="712" ind1="0" ind2="0">
    <subfield code="a">Ventura, Comino</subfield>
    <subfield code="3">IT\ICCU\CNCT\000028</subfield>
    <subfield code="4">650</subfield>
  </datafield>
  <datafield tag="712" ind1="0" ind2="0">
    <subfield code="a">Antoni, Giovanni Antonio degli</subfield>
    <subfield code="c"> &lt;2.&gt;</subfield>
    <subfield code="3">IT\ICCU\CNCT\000125</subfield>
    <subfield code="4">650</subfield>
  </datafield>
  <datafield tag="791" ind1="0" ind2="2">
    <subfield code="a">Senatus Mediolanensis</subfield>
    <subfield code="3">26359</subfield>
    <subfield code="z">Milano &lt;Ducato&gt; : Senato</subfield>
  </datafield>
  <datafield tag="791" ind1="0" ind2="2">
    <subfield code="a">Senato di Milano</subfield>
    <subfield code="3">26360</subfield>
    <subfield code="z">Milano &lt;Ducato&gt; : Senato</subfield>
  </datafield>
  <datafield tag="791" ind1="0" ind2="0">
    <subfield code="a">Antoni, Antonio</subfield>
    <subfield code="c"> &lt;2.&gt;</subfield>
    <subfield code="3">IT\ICCU\CNCT\002835</subfield>
    <subfield code="z">Antoni, Giovanni Antonio degli &lt;2.&gt;</subfield>
  </datafield>
  <datafield tag="791" ind1="0" ind2="2">
    <subfield code="a">Bibliotheca Antoniana</subfield>
    <subfield code="3">IT\ICCU\CNCT\002836</subfield>
    <subfield code="z">Antoni, Giovanni Antonio degli &lt;2.&gt;</subfield>
  </datafield>
  <datafield tag="791" ind1="0" ind2="0">
    <subfield code="a">Antoniis, Antonius de</subfield>
    <subfield code="c"> &lt;2&gt;</subfield>
    <subfield code="3">IT\ICCU\CNCT\004251</subfield>
    <subfield code="z">Antoni, Giovanni Antonio degli &lt;2.&gt;</subfield>
  </datafield>
  <datafield tag="791" ind1="0" ind2="0">
    <subfield code="a">Antonii, Antonio degli</subfield>
    <subfield code="c"> &lt;2&gt;</subfield>
    <subfield code="3">IT\ICCU\CNCT\004252</subfield>
    <subfield code="z">Antoni, Giovanni Antonio degli &lt;2.&gt;</subfield>
  </datafield>
  <datafield tag="791" ind1="0" ind2="0">
    <subfield code="a">Antonianus, Antonius</subfield>
    <subfield code="c"> &lt;2&gt;</subfield>
    <subfield code="3">IT\ICCU\CNCT\005185</subfield>
    <subfield code="z">Antoni, Giovanni Antonio degli &lt;2.&gt;</subfield>
  </datafield>
  <datafield tag="801" ind1=" " ind2="3">
    <subfield code="a">IT</subfield>
    <subfield code="b">ICCU</subfield>
    <subfield code="c">20201114</subfield>
  </datafield>
  <datafield tag="899" ind1=" " ind2=" ">
    <subfield code="a">Biblioteca civica A. Mai. Bergamo</subfield>
    <subfield code="1">BG0026</subfield>
    <subfield code="2">LO1 02</subfield>
  </datafield>
  <datafield tag="899" ind1=" " ind2=" ">
    <subfield code="a">Biblioteca statale. Cremona</subfield>
    <subfield code="1">CR0062</subfield>
    <subfield code="2">LO1 28</subfield>
  </datafield>
  <datafield tag="899" ind1=" " ind2=" ">
    <subfield code="a">Biblioteca comunale centrale. Milano</subfield>
    <subfield code="1">MI0162</subfield>
    <subfield code="2">LO1 01</subfield>
  </datafield>
  <datafield tag="899" ind1=" " ind2=" ">
    <subfield code="a">Archivio storico civico e Biblioteca Trivulziana. Milano</subfield>
    <subfield code="1">MI0327</subfield>
    <subfield code="2">LO1 13</subfield>
  </datafield>
  <datafield tag="899" ind1=" " ind2=" ">
    <subfield code="a">Biblioteca civica centrale. Monza</subfield>
    <subfield code="1">MI0377</subfield>
    <subfield code="2">LO1 97</subfield>
  </datafield>
  <datafield tag="899" ind1=" " ind2=" ">
    <subfield code="a">Biblioteca civica Carlo Torelli. Arona</subfield>
    <subfield code="1">NO0093</subfield>
    <subfield code="2">ZNO 08</subfield>
  </datafield>
  <datafield tag="899" ind1=" " ind2=" ">
    <subfield code="a">Biblioteca comunale Passerini Landi. Piacenza</subfield>
    <subfield code="1">PC0030</subfield>
    <subfield code="2">PIA PL</subfield>
  </datafield>
  <datafield tag="899" ind1=" " ind2=" ">
    <subfield code="a">Biblioteca comunale Lucio Mastronardi. Vigevano</subfield>
    <subfield code="1">PV0188</subfield>
    <subfield code="2">PAV 52</subfield>
  </datafield>
  <datafield tag="899" ind1=" " ind2=" ">
    <subfield code="a">Biblioteca civica Ricottiana. Voghera</subfield>
    <subfield code="1">PV0190</subfield>
    <subfield code="2">LO1 33</subfield>
  </datafield>
  <datafield tag="899" ind1=" " ind2=" ">
    <subfield code="a">Archivio storico comunale. Fondo antico Roncalli. Vigevano</subfield>
    <subfield code="1">PV0356</subfield>
    <subfield code="2">LO1 53</subfield>
  </datafield>
  <datafield tag="899" ind1=" " ind2=" ">
    <subfield code="a">Biblioteca Fondazione Bruno Kessler. Trento</subfield>
    <subfield code="1">TN0157</subfield>
    <subfield code="2">ZTN21</subfield>
  </datafield>
  <datafield tag="899" ind1=" " ind2=" ">
    <subfield code="a">Biblioteca civica. Varese</subfield>
    <subfield code="1">VA0116</subfield>
    <subfield code="2">LO1 03</subfield>
  </datafield>
  <datafield tag="899" ind1=" " ind2=" ">
    <subfield code="a">Biblioteca del Seminario arcivescovile di Milano. Venegono Inferiore</subfield>
    <subfield code="1">VA0122</subfield>
    <subfield code="2">ZVA 04</subfield>
  </datafield>
  <datafield tag="911" ind1=" " ind2=" ">
    <subfield code="a">sul front.</subfield>
    <subfield code="9">IT\ICCU\CNCM\000329</subfield>
  </datafield>
  <datafield tag="921" ind1=" " ind2=" ">
    <subfield code="a">IT\ICCU\CNCM\000329</subfield>
    <subfield code="b">Grifone che regge con l&apos;artiglio una pietra alla quale  ̈incatenato un globo alato. In cornice figurata</subfield>
    <subfield code="c">A33</subfield>
    <subfield code="c">V101</subfield>
    <subfield code="c">Z700</subfield>
    <subfield code="d">Dimensioni: 6 x 8</subfield>
    <subfield code="f">GRIFONE</subfield>
    <subfield code="f">PIETRA</subfield>
    <subfield code="f">GLOBO</subfield>
    <subfield code="g">1558-1600</subfield>
  </datafield>
</record>
</collection>
